@ARTICLE{Posthuma2008,
  author = {B. Posthuma and E.A. Veerkamp and W. van Zwet},
  title = {Combined analysis of paid and incurred losses},
  journal = {CAS E--forum Fall},
  year = {2008},
  volume = {},
  pages = {272--293},
  number = {},
  owner = {},
  timestamp = {}
}

@ARTICLE{EV2005,
  author = {R. J. Verrall and P.D. England},
  title = {Stochastic claims reserving in general insurance},
  journal = {British Actuarial Journal},
  year = {2002},
  volume = {8},
  pages = {443--518},
  number = {3},
  owner = {},
  timestamp = {}
}

@ARTICLE{RV98,
  author = {A. E. Renshaw and R.J. Verrall},
  title = {A stochastic model underlying the chain--ladder technique},
  journal = {British Actuarial Journal},
  year = {1998},
  volume = {4},
  pages = {903--923},
  number = {4},
  owner = {},
  timestamp = {}
}


@ARTICLE{shi2014,
  author = {P. Shi and E. Valdez},
  title = {Multivariate negative binomial models for insurance claim counts},
  journal = {Insurance: Mathematics and Economics},
  year = {2014},
  volume = {55},
  pages = {18--29},
  number = {},
  owner = {},
  timestamp = {}
}

@ARTICLE{akaike,
  author = {H. Akaike},
  title = {A new look at
    the statistical model identification},
  journal = {IEEE Transactions on automatic control},
  year = {1974},
  volume = {19},
  pages = {716--723},
  number = {6},
  owner = {},
  timestamp = {}
}

@ARTICLE{schwarz,
  author = {G.E. Schwarz},
  title = {Estimating the dimension of a model},
  journal = {Annals od statistics},
  year = {1978},
  volume = {6},
  pages = {461--464},
  number = {2},
  owner = {},
  timestamp = {}
}

@ARTICLE{bayes1,
  author = {R.E. Kass and A.E. Raftery},
  title = {Bayes factors},
  journal = {Journal of the American Statistical Association},
  year = {1995},
  volume = {90},
  pages = {773--795},
  number = {430},
  owner = {},
  timestamp = {}
}

@ARTICLE{white80,
  author = {H. White},
  title = {A
  Heteroskedasticity-Consistent Covariance Matrix Estimator and a
  Direct Test for Heteroskedasticity},
  journal = {Econometrica},
  year = {1980},
  volume = {48},
  pages = {817--838},
  number = {4},
  owner = {},
  timestamp = {}
}


@ARTICLE{nair1997,
  author = {N.U. Nair and G. Asha},
  title = {Some classes of multivariate life distributions in discrete time},
  journal = {Journal of Multivariate Analysis},
  year = {1997},
  volume = {62},
  pages = {181--189},
  number = {2},
  owner = {},
  timestamp = {}
}

@ARTICLE{Bailey,
  author = {R.A. Bailey},
  title = {Insurance rates with minimum bias},
  journal = {Prooceedings of the Casualty Actuarial Society},
  year = {1963},
  volume = {},
  pages = {4--11},
  number = {},
  owner = {},
  timestamp = {}
}

@ARTICLE{Engl02,
  author = {P.D. England and R.J. Verrall},
  title = {Stochastic claims reserving in general insurance},
  journal = {British Actuarial Journal},
  year = {2002},
  volume = {8},
  pages = {443--544},
  number = {3},
  owner = {},
  timestamp = {}
}

@article{AntonioRisk,
year={2012},
journal={AStA Advances in Statistical Analysis},
volume={96},
number={2},
title={Statistical concepts of a priori and a posteriori risk classification in insurance},
author={Antonio, Katrien and Valdez, EmilianoA.},
pages={187-224},
}

@article{DALY,
year={2014},
journal={International Journal of Public Health},
volume={59},
number={3},
title={DALY calculation in practice: a stepwise approach},
author={Devleesschauwer, Brecht and Havelaar, ArieH. and Maertens de Noordhout, Charline and Haagsma, JuanitaA. and Praet, Nicolas and Dorny, Pierre and Duchateau, Luc and Torgerson, PaulR. and Oyen, Herman and Speybroeck, Niko},
pages={571-574},
}



@ARTICLE{Frahan,
  author = {M. Pigeon and B. {H}enry de {F}rahan and M. Denuit},
  title = {Evaluation of the EU Proposed Farm Income Stabilisation Tool
by Skew Normal Linear Mixed Models},
  journal = {Accepted for publication in European Actuarial Journal},
  year = {2014},
  volume = {},
  pages = {},
  number = {},
  owner = {},
  timestamp = {}
}

@ARTICLE{Geo,
  author = {T.J. Geoghegan and R.S. Clarkson and K.S. Feldman and S.J. Green and A. Kitts and J.P. Lavecky and F.J.M. Ross and W.J. Smith and A. Toutounchi},
  title = {Report on the Wilkie investment model},
  journal = {Journal of the Institute of Actuaries},
  year = {1992},
  volume = {119},
  pages = {173--228},
  number = {},
  owner = {},
  timestamp = {}
}

@ARTICLE{Kass,
  author = {R.E. Kass and A.E. Raftery},
  title = {Bayes Factors},
  journal = {Journal of the American Statistical Association},
  year = {1995},
  volume = {90},
  pages = {773--795},
  number = {430},
  owner = {},
  timestamp = {}
}

@ARTICLE{Burn,
  author = {K.P. Burnham and D.R. Anderson},
  title = {Multimodel inference: understanding AIC and BIC in model selection},
  journal = {Sociological Methods and Research},
  year = {2004},
  volume = {33},
  pages = {261--304},
  number = {2},
  owner = {},
  timestamp = {}
}


@ARTICLE{Ric,
  author = {W.F. Richards},
  title = {Evaluating the impact of inflation on loss reserves},
  journal = {Casualty Actuarial Society Discussion Paper Program},
  year = {1981},
  volume = {},
  pages = {384--400},
  number = {},
  owner = {},
  timestamp = {}
}

@ARTICLE{Arcy2,
  author = {S. D'Arcy and R.W. Gorvett},
  title = {Measuring the interest rate sensitivity of loss reserves},
  journal = {Proceedings of the Casualty Actuarial Society},
  year = {2000},
  volume = {87},
  pages = {365--400},
  number = {},
  owner = {},
  timestamp = {}
}

@unpublished{Step,
  author = {R. Stephan},
  title = {The impact of inflation on loss reserves},
  year = {2011},
  note = {Presented at ASTIN Colloquia, Madrid},
}


@ARTICLE{Wil,
  author = {A.D. Wilkies},
  title = {A stochastic investment model for actuarial use},
  journal = {Transactions of the Faculty of Actuaries},
  year = {1986},
  volume = {39},
  pages = {341--403},
  number = {},
  owner = {},
  timestamp = {}
}

@ARTICLE{Bliss,
  author = {C.I. Bliss},
  title = {The calculation of the dosage--mortality curve},
  journal = {Annals of Applied Biology},
  year = {1935},
  volume = {22},
  pages = {134--167},
  number = {1},
  owner = {},
  timestamp = {}
}

@ARTICLE{Blissa,
  author = {C.I. Bliss},
  title = {The Method of Probits},
  journal = {Science},
  year = {1934},
  volume = {79},
  pages = {38--39},
  number = {},
  owner = {},
  timestamp = {}
}

@ARTICLE{Blissb,
  author = {C.I. Bliss},
  title = {The Method of Probits},
  journal = {Science},
  year = {1934},
  volume = {79},
  pages = {409--410},
  number = {},
  owner = {},
  timestamp = {}
}

@ARTICLE{Berkson,
  author = {C.I. Bliss},
  title = {Application of the Logistic function to Bio--assay},
  journal = {Journal of the American Statistical Association},
  year = {1944},
  volume = {9},
  pages = {357--365},
  number = {},
  owner = {},
  timestamp = {}
}


@ARTICLE{Hertig,
  author = {J. Hertig},
  title = {A statistical Approach to the IBNR--reserves in marine insurance},
  journal = {ASTIN Bulletin},
  year = {1985},
  volume = {15},
  pages = {171--183},
  number = {2},
  owner = {},
  timestamp = {}
}

@ARTICLE{Gogol,
  author = {D. Gogol},
  title = {Using expected loss ratios in reserving},
  journal = {Insurance: Mathematics and Economics},
  year = {1993},
  volume = {12},
  pages = {297--299},
  number = {3},
  owner = {},
  timestamp = {}
}

@ARTICLE{Lars07,
  author = {C.R. Larsen},
  title = {An individual claims reserving model},
  journal = {ASTIN Bulletin: The Journal of the International Actuarial Association},
  year = {2007},
  volume = {37},
  pages = {113--132},
  number = {},
  owner = {},
  timestamp = {}
}

@ARTICLE{Zhao09,
  author = {X.B. Zhao and X. Zhou and J.L. Wang},
  title = {Semiparametric model for prediction of individual claim loss reserving},
  journal = {Insurance: Mathematics and Economics},
  year = {2009},
  volume = {45},
  pages = {1--8},
  number = {1},
  owner = {},
  timestamp = {}
}

@ARTICLE{OU,
  author = {G.E. Uhlenbeck and L.S. Ornstein},
  title = {On the theory of Brownian motion},
  journal = {Physical Review},
  year = {1930},
  volume = {36},
  pages = {823--841},
  number = {},
  owner = {},
  timestamp = {}
}

@ARTICLE{PigAntDen2014,
  author = {M. Pigeon and K. Antonio and M. Denuit},
  title = {Individual loss reserving using paid--incurred data},
  journal = {In revision for Insurance: Mathematics and Economics},
  year = {2014},
  volume = {},
  pages = {},
  number = {},
  owner = {},
  timestamp = {}
}

@BOOK{Brigo,
  title = {Interest Rate Models -- Theory and Practice with Smile, Inflation and Credit, Second Edition},
  publisher = {Springer Verlag},
  year = {2001},
  author = {D. Brigo and F. Mercurio},
  owner = {},
  timestamp = {}
}

@BOOK{huber,
  title = {Robust Statistics},
  publisher = {New York: John Wiley and Sons},
  year = {1981},
  author = {P.J. Huber},
  owner = {},
  timestamp = {}
}


@BOOK{Devroye,
  title = {Non-Uniform Random Variate Generation},
  publisher = {Springer Verlag},
  year = {1986},
  author = {L. Devroye},
  owner = {},
  timestamp = {}
}

@BOOK{Bayes2,
  title = {Information Theory, Inference and Learning Algorithms},
  publisher = {Cambridge University Press},
  year = {2003},
  author = {D.J.C. MacKay},
  owner = {},
  timestamp = {}
}

@BOOK{Hull,
  title = {Options, Futures and Other Derivatives},
  publisher = {Upper Saddle River, New Jersey},
  year = {2003},
  author = {J. C. Hull},
  owner = {},
  timestamp = {}
}

@BOOK{Fish,
  title = {The Theory of Interest},
  publisher = {New York: Macmillan},
  year = {1930},
  author = {I. Fisher},
  owner = {},
  timestamp = {}
}

@BOOK{LM1,
  title = {Loss Models: from Data to Decisions, Second Edition},
  publisher = {Wiley, New Jersey},
  year = {2004},
  author = {S.A. Klugman and H. H. Panjer and G.E. Willmot},
  owner = {},
  timestamp = {}
}

@BOOK{Box,
  title = {Time Series Analysis: Forecasting and Control},
  publisher = {Holden-Day, San Francisco, USA},
  year = {1976},
  author = {G.E.P. Box and G.M. Jenkins},
  owner = {},
  timestamp = {}
}

@BOOK{Fried,
  title = {Estimating unpaid claims using basic techniques},
  publisher = {Casualty Actuarial Society, USA},
  year = {2010},
  author = {J. Friedland},
  owner = {},
  timestamp = {}
}


@BOOK{Pfaff,
  title = {Analysis of Integrated and Cointegrated Time Series with R, Second Edition},
  publisher = {Springer, New York},
  year = {2008},
  author = {B. Pfaff},
  owner = {},
  timestamp = {}
}

@BOOK{Kotz04,
  title = {Multivariate $t$ Distributions and Their Applications},
  publisher = {Cambridge University Press},
  year = {2004},
  author = {S. Kotz and S. Saralees},
  owner = {},
  timestamp = {}
}

@BOOK{Lut,
  title = {New Introduction to Multiple Time Series Analysis},
  publisher = {Springer, New York},
  year = {2006},
  author = {H. L\"utkepohl},
  owner = {},
  timestamp = {}
}

@BOOK{deHa,
  title = {Extreme Value Theory},
  publisher = {Springer, New York},
  year = {2006},
  author = {L. de Haan and A. Ferreira},
  owner = {},
  timestamp = {}
}

@ARTICLE{Hall83,
  author = {M. Hallin and J.-F. Ingenbleek},
  title = {The Swedish automobile portfolio in 1977: A statistical study},
  journal = {Scandinavian Actuarial Journal},
  year = {1983},
  volume = {1983},
  pages = {49--64},
  number = {1},
  owner = {},
  timestamp = {}
}

@ARTICLE{Buch06,
  author = {T. Buch-Kromann},
  title = {Estimation of large insurance losses: A case study},
  journal = {Journal of Actuarial Practice},
  year = {2006},
  volume = {13},
  pages = {191--211},
  number = {},
  owner = {},
  timestamp = {}
}

@ARTICLE{Buch05,
  author = {T. Buch-Larsen and J.P. Nielsen and M. Guill\'en and C. Bolanc\'e},
  title = {Kernel density estimation for heavy-tailed distributions
using the Champernowne transformation},
  journal = {Statistics},
  year = {2005},
  volume = {39},
  pages = {503--518},
  number = {},
  owner = {},
  timestamp = {}
}


@ARTICLE{Mcne97,
  author = {A.J. McNeil},
  title = {Estimating the tails of loss severity distributions using extreme value theory},
  journal = {ASTIN Bulletin},
  year = {1997},
  volume = {27},
  pages = {117--137},
  number = {1},
  owner = {},
  timestamp = {}
}

@ARTICLE{Resn97,
  author = {S.I. Resnick},
  title = {Discussion of the Danish data on large fire insurance losses},
  journal = {ASTIN Bulletin},
  year = {1997},
  volume = {27},
  pages = {139--151},
  number = {1},
  owner = {},
  timestamp = {}
}

@ARTICLE{VNJ,
  author = {R. Verrall and J.P. Nielsen and A.H. Jessen},
  title = {Prediction of RBNS and IBNR Claims Using Claim Amounts and Claim Counts},
  journal = {ASTIN Bulletin},
  year = {2010},
  volume = {40},
  pages = {871--888},
  number = {2},
  owner = {},
  timestamp = {}
}

@ARTICLE{Hynd96,
  author = {R.J. Hyndman and Y. Fan},
  title = {Sample quantiles in statistical packages},
  journal = {American Statistician},
  year = {1996},
  volume = {50},
  pages = {361--365},
  number = {},
  owner = {},
  timestamp = {}
}

@ARTICLE{Duta08,
  author = {C. Dutang and V. Goulet and M. Pigeon},
  title = {actuar: An R package for actuarial science},
  journal = {Journal of Statistical Software},
  year = {2008},
  volume = {25},
  pages = {},
  number = {},
  owner = {},
  timestamp = {}
}

@BOOK{Embr97,
  title = {Modelling Extremal Events for Insurance and Finance},
  publisher = {Springer Verlag, Berlin},
  year = {1997},
  author = {P. Embrechts and C. Kl\"uppelberg and T. Mikosch},
  owner = {},
  timestamp = {}
}

@BOOK{Lehm99,
  title = {Theory of Point Estimation, Second Edition},
  publisher = {Springer, New York},
  year = {1999},
  author = {E.L. Lehmann and G. Casella},
  owner = {},
  timestamp = {}
}


@ARTICLE{Riou04,
  author = {S. Klugman and J. Rioux},
  title = {Toward a unified approach to fitting loss models},
  journal = {North American Actuarial Journal},
  year = {2004},
  volume = {10},
  pages = {63--83},
  number = {},
  owner = {},
  timestamp = {}
}

@BOOK{WuthrichBook,
  title = {Stochastic Claims Reserving Methods in Insurance},
  publisher = {Wiley Finance},
  year = {2008},
  author = {Mario V. W\"uthrich and Michael Merz},
  owner = {},
  timestamp = {}
}

@BOOK{Brem,
  title = {Point Processes and Queues: Martingales Dynamics},
  publisher = {Springer-Verlag, Berlin},
  year = {1981},
  author = {P. Br\'emaud},
  owner = {},
  timestamp = {}
}

@BOOK{MPP,
  title = {Point Process Theory and Applications},
  publisher = {Birkh\"auser, Boston},
  year = {2006},
  author = {Martin Jacobsen},
  owner = {},
  timestamp = {}
}

@ARTICLE{Norberg,
  author = {R. Norberg},
  title = {Prediction of outstanding liabilities in non-life insurance},
  journal = {ASTIN Bulletin},
  year = {1993},
  volume = {23},
  pages = {95--115},
  number = {1},
  owner = {},
  timestamp = {}
}

@ARTICLE{AkdemirGupta,
  author = {Akdemir, D. and Gupta, A.K.},
  title = {A Matrix Variate Skew Distribution},
  journal = {European Journal of Pure and Applied Mathematics},
  year = {2010},
  volume = {3},
  pages = {128--140},
  number = {2},
  owner = {},
  timestamp = {}
}

@ARTICLE{Cebr03,
  author = {A. Cebrian and M. Denuit and P. Lambert},
  title = {Generalized Pareto fit to the society of Actuaries' large claims database},
  journal = {North American Actuarial Journal},
  year = {2003},
  volume = {7},
  pages = {18--36},
  number = {},
  owner = {},
  timestamp = {}
}

@ARTICLE{Coor05,
  author = {K. Cooray and M.M.A. Ananda},
  title = {Modeling actuarial data with a composite Lognormal-Pareto model},
  journal = {Scandinavian Actuarial Journal},
  year = {2005},
  volume = {2005},
  pages = {321--334},
  number = {5},
  owner = {},
  timestamp = {}
}

@ARTICLE{Scol07,
  author = {D.P.M. Scollnik},
  title = {On composite Lognormal-Pareto models},
  journal = {Scandinavian Actuarial Journal},
  year = {2007},
  volume = {2007},
  pages = {20--33},
  number = {1},
  owner = {},
  timestamp = {}
}

@ARTICLE{Tanc06,
  author = {A. Tancredi and C. Anderson and A. O'Hagan},
  title = {Accounting for threshold uncertainty in extreme value estimation},
  journal = {Extremes},
  year = {2006},
  volume = {9},
  pages = {87--106},
  number = {},
  owner = {},
  timestamp = {}
}

@ARTICLE{Ranneby,
  author = {B. Ranneby},
  title = {The maximum spacing method. {A}n estimation method related to the maximum likelihood method.},
  journal = {Scandinavian Journal of Statistics},
  year = {1984},
  volume = {11},
  pages = {93--112},
  number = {2},
  owner = {},
  timestamp = {}
}

This file was created with JabRef 2.2b2.
Encoding: Cp1252
% My Papers
@ARTICLE{AntonioIME,
  author = {K. Antonio and J. Beirlant},
  title = {Actuarial statistics with generalized linear mixed models},
  journal = {Insurance: Mathematics and Economics},
  year = {2007},
  volume = {40},
  pages = {58--76},
  number = {1},
  owner = {s3004874},
  timestamp = {2007.02.15}
}

@ARTICLE{AntonioNAAJ,
  author = {K. Antonio and J. Beirlant and T. Hoedemakers and R. Verlaak},
  title = {Lognormal mixed models for reported claims reserves},
  journal = {North American Actuarial Journal},
  year = {2006},
  volume = {10},
  pages = {30--48},
  number = {1},
  owner = {s3004874},
  timestamp = {2007.02.15}
}

@ARTICLE{AntonioMET,
  author = {K. Antonio and M. Goovaerts and T. Hoedemakers},
  title = {On the distribution of discounted loss reserves},
  journal = {Medium Econometrische Toepassingen},
  year = {2004},
  volume = {12},
  pages = {12--16},
  number = {3},
  owner = {s3004874},
  timestamp = {2007.02.15}
}

@ARTICLE{AntonioNAAJDisc,
  author = {K. Antonio and J. Beirlant and T. Hoedemakers},
  title = {Discussion on ``\textsc{A} \textsc{B}ayesian generalized linear model for the \textsc{B}ornhuetter-\textsc{F}erguson method of claims reserving''},
  journal = {North American Actuarial Journal},
  year = {2005},
  volume = {9},
  pages = {143--148},
  number = {3},
  owner = {s3004874},
  timestamp = {2007.02.15}
}

@ARTICLE{AntonioJRI,
  author = {K. Antonio and J. Beirlant},
  title = {Issues in claims reserving and credibility: a semiparametric approach with mixed models},
  journal = {Accepted for The Journal of Risk and Insurance},
  year = {2007},
  volume = {},
  pages = {},
  number = {},
  owner = {},
  timestamp = {}
}

@ARTICLE{AntonioWiley,
  author = {K. Antonio and J. Beirlant},
  title = {Risk classification in non-life insurance},
  journal = {Accepted for the Wiley Encyclopedia of Quantitative Risk Assessment -- Insurance/Actuarial Risks Section},
  year = {2007},
  volume = {},
  pages = {},
  number = {},
  owner = {},
  timestamp = {}
}

@ARTICLE{AntonioFreesValdez,
  author = {K. Antonio and E.W. Frees and E. Valdez},
  title = {Hierarchical modelling of claim count statistics on fleet policies},
  journal = {Work in progress},
  year = {2007},
  volume = {},
  pages = {},
  number = {},
  owner = {},
  timestamp = {}
}

@BOOK{Antonio,
  title = {Statistical Tools for Non-Life Insurance: Essays on Claims Reserving and Ratemaking
  for Panels and Fleets},
  publisher = {PhD Thesis, Katholieke Universiteit Leuven, Belgium},
  year = {2007},
  author = {K. Antonio},
  owner = {},
  timestamp = {}
}

@BOOK{Cook,
  title = {The Statistical Analysis of Recurrent Events},
  publisher = {Springer New York},
  year = {2007},
  author = {R. Cook and J. Lawless},
  owner = {},
  timestamp = {}
}

% Wiley article papers
@ARTICLE{BeirlantIME,
  author = {J. Beirlant and Y. Goegebeur and R. Verlaak and P. Vynckier},
  title = {Burr regression and portfolio segmentation},
  journal = {Insurance: Mathematics and Economics},
  year = {1998},
  volume = {23},
  pages = {231--250},
  number = {},
  owner = {},
  timestamp = {}
}

@ARTICLE{Bolance,
  author = {C. Bolanc\'{e} and M. Guill\'{e}n and J. Pinquet},
  title = {Time-varying credibility for frequency risk models: estimation and tests for autoregressive specifications on random effects.},
  journal = {Insurance: Mathematics and Economics},
  year = {2003},
  volume = {33},
  pages = {273--282},
  number = {},
  owner = {},
  timestamp = {}
}

@ARTICLE{Breslow,
  author = {N.E. Breslow and D.G. Clayton},
  title = {Approximate inference in generalized linear mixed models},
  journal = {Journal of the American Statistical Association},
  year = {1993},
  volume = {88},
  pages = {9--25},
  number = {421},
  owner = {},
  timestamp = {}
}

@ARTICLE{Brouhns,
  author = {N. Brouhns and M. Denuit and J. K. Vermunt},
  title = {A Poisson log-bilinear regression approach to the construction of projected lifetables},
  journal = {Insurance: Mathematics and Economics},
  year = {2002},
  volume = {31},
  pages = {373--393},
  number = {3},
  owner = {},
  timestamp = {}
}

@ARTICLE{LinBreslow,
  author = {X. Lin and N.E. Breslow},
  title = {Analysis of correlated binomial data in logistic-normal models},
  journal = {Journal of Statistical Computation and Simulation},
  year = {1996},
  volume = {55},
  pages = {133--146},
  number = {},
  owner = {},
  timestamp = {}
}


@ARTICLE{Cummins,
  author = {D.J. Cummins and G. Dionne and J.B. McDonald and M.B. Pritchett},
  title = {Applications of the \textsc{GB}2 family of distributions in modelling insurance loss processes},
  journal = {Insurance: Mathematics and Economics},
  year = {1990},
  volume = {9},
  pages = {257--272},
  number = {},
  owner = {},
  timestamp = {}
}

@BOOK{Dannenburg,
  title = {Practical Actuarial Credibility Models},
  publisher = {Institute of actuarial science and econometrics, University of Amsterdam},
  year = {1996},
  author = {D.R. Dannenburg and R. Kaas and M. Goovaerts},
  owner = {},
  timestamp = {}
}


@BOOK{DeJongHeller,
  title = {Generalized Linear Models for Insurance Data},
  publisher = {Cambridge},
  year = {2008},
  author = {P. de Jong and G.Z. Heller},
  owner = {},
  timestamp = {}
}


@ARTICLE{DionneVanasse,
  author = {G. Dionne and C. Vanasse},
  title = {A generalization of actuarial automobile insurance rating models: the \textsc{n}egative \textsc{b}inomial distribution with a regression
      component},
  journal = {ASTIN Bulletin},
  year = {1989},
  volume = {19},
  pages = {199--212},
  number = {},
  owner = {},
  timestamp = {}
}

@ARTICLE{FreesWang,
  author = {E.W. Frees and P. Wang},
  title = {Credibility using copulas},
  journal = {North American Actuarial Journal},
  year = {2005},
  volume = {9},
  pages = {31--48},
  number = {2},
  owner = {},
  timestamp = {}
}


@ARTICLE{Haberman,
  author = {S. Haberman and A.E. Renshaw},
  title = {Generalized linear models and actuarial science},
  journal = {The Statistician},
  year = {1996},
  volume = {45},
  pages = {407--436},
  number = {4},
  owner = {},
  timestamp = {}
}

@ARTICLE{Lambert,
  author = {D. Lambert},
  title = {Zero-inflated \textsc{P}oisson regression, with an application to defects in manufacturing},
  journal = {Technometrics},
  year = {1992},
  volume = {34},
  pages = {1--14},
  number = {},
  owner = {},
  timestamp = {}
}

@ARTICLE{Pinquet97,
  author = {J. Pinquet},
  title = {Allowance for cost of claims in bonus-malus systems},
  journal = {ASTIN Bulletin},
  year = {1997},
  volume = {27},
  pages = {33--57},
  number = {1},
  owner = {},
  timestamp = {}
}

@ARTICLE{Pinquet98,
  author = {J. Pinquet},
  title = {Designing optimal bonus-malus systems from different types of claims},
  journal = {ASTIN Bulletin},
  year = {1998},
  volume = {28},
  pages = {205--229},
  number = {2},
  owner = {},
  timestamp = {}
}


@ARTICLE{Pinquet01,
  author = {J. Pinquet and M. Guill\'{e}n and C. Bolanc\'{e}},
  title = {Allowance for age of claims in bonus-malus systems},
  journal = {ASTIN Bulletin},
  year = {2001},
  volume = {31},
  pages = {337--348},
  number = {2},
  owner = {},
  timestamp = {}
}

@ARTICLE{DenuitPurcaru,
  author = {O. Purcaru and M. Guill\'{e}n and M. Denuit},
  title = {Linear credibility models based on time series for claim counts},
  journal = {Belgian Actuarial Bulletin},
  year = {2004},
  volume = {4},
  pages = {62--74},
  number = {1},
  owner = {},
  timestamp = {}
}

@ARTICLE{Aitchison,
  author = {J. Aitchison and C.H. Ho},
  title = {The multivariate \textsc{P}oisson-log normal distribution},
  journal = {Biometrika},
  year = {1989},
  volume = {76},
  pages = {643--653},
  number = {4},
  owner = {},
  timestamp = {}
}

@ARTICLE{LiangZeger,
  author = {K.Y. Liang and S.L. Zeger},
  title = {Longitudinal data analysis using generalized linear models},
  journal = {Biometrika},
  year = {1986},
  volume = {73},
  pages = {13--22},
  number = {1},
  owner = {},
  timestamp = {}
}

@ARTICLE{Fawcett,
  author = {L. Fawcett and D. Walshaw},
  title = {A hierarchical model for extreme wind speeds},
  journal = {Applied Statistics},
  year = {2006},
  volume = {55},
  pages = {631--646},
  number = {5},
  owner = {},
  timestamp = {}
}

@BOOK{PitaccoDenuit,
  title = {Modelling Longevity Dynamics for Pensions and Annuity Business},
 publisher={OUP Oxford},
series={Mathematics texts from Oxford University Press},
  year = {2009},
 author={Pitacco, E. and Denuit, M. and Haberman, S. and Olivieri, A.},
  owner = {},
  timestamp = {}
}

@BOOK{HoggKlugman,
  title = {Loss Distributions},
  publisher = {Wiley, New York},
  year = {1984},
  author = {R.V. Hogg and S.A. Klugman},
  owner = {},
  timestamp = {}
}


@BOOK{Taylorbook,
  title = {Loss Reserving: an Actuarial Perspective},
  publisher = {Kluwer Academic Publishers, Boston},
  year = {2000},
  author = {G. Taylor},
  owner = {},
  timestamp = {}
}

@ARTICLE{NelsonLipsitz,
  author = {K. Nelson and S. Lipsitz and G. Fitzmaurice and J. Ibrahim and M. Parzen and R. Strawderman},
  title = {Use of the probability integral transformation to fit nonlinear mixed effects models with nonnormal random effects},
  journal = {Journal of Computational and Graphical Statistics},
  year = {2006},
  volume = {15},
  pages = {39--57},
  number = {},
  owner = {},
  timestamp = {}
}

@ARTICLE{JewellExp,
  author = {W.S. Jewell},
  title = {Credible means are exact \textsc{B}ayesian for exponential families},
  journal = {ASTIN Bulletin},
  year = {1974},
  volume = {8},
  pages = {77--90},
  number = {1},
  owner = {},
  timestamp = {}
}

@ARTICLE{Sun,
  author = {J. Sun and E.W. Frees and M.A. Rosenberg},
  title = {Heavy-tailed longitudinal data modelling using copulas},
  journal = {Working paper},
  year = {2007},
  volume = {},
  pages = {},
  number = {},
  owner = {},
  timestamp = {}
}

@ARTICLE{Norberg1986,
  author = {R. Norberg},
  title = {Hierarchical credibility: analysis of a random effect linear model with nested
            classification},
  journal = {Scandinavian Actuarial Journal},
  year = {1986},
  volume = {},
  pages = {204--222},
  number = {},
  owner = {s3004874},
  timestamp = {2007.02.15}
}

@ARTICLE{Sundt,
  author = {B. Sundt},
  title = {A multi--level hierarchical credibility regression model},
  journal = {Scandinavian Actuarial Journal},
  year = {1980},
  volume = {},
  pages = {25--32},
  number = {},
  owner = {s3004874},
  timestamp = {2007.02.15}
}

@ARTICLE{Taylor1979,
  author = {G. Taylor},
  title = {Credibility analysis of a general hierarchical model},
  journal = {Scandinavian Actuarial Journal},
  year = {1979},
  volume = {},
  pages = {1--12},
  number = {},
  owner = {s3004874},
  timestamp = {2007.02.15}
}

@ARTICLE{Tay,
  author = {G. Taylor},
  title = {Separation of inflation and other effects form the distribution of non-life insurance claim delays},
  journal = {ASTIN Bulletin},
  year = {1977},
  volume = {9},
  pages = {219--230},
  number = {},
  owner = {},
  timestamp = {}
}

@ARTICLE{Arcy,
  author = {S. P. D'Arcy and A. Au and L. Zhang},
  title = {Property--Liability insurance loss reserve ranges based on economic value},
  journal = {Variance Journal},
  year = {2009},
  volume = {3},
  pages = {42--61},
  number = {},
  owner = {},
  timestamp = {}
}


@BOOK{McCullagh,
  title = {Generalized Linear Models},
  publisher = {Monographs on statistics and applied probability, Chapman and Hall, New York},
  year = {1989},
  author = {P. McCullagh and J.A. Nelder},
  owner = {},
  timestamp = {}
}

@BOOK{Lemaire,
  title = {Bonus--Malus Systems in Automobile Insurance},
  publisher = {Springer--Verlag, New York},
  year = {1995},
  author = {J. Lemaire},
  owner = {},
  timestamp = {}
}

@ARTICLE{Yip2005,
  author = {K. Yip and K. Yau},
  title = {On Modeling Claim Frequency Data In General Insurance With Extra Zeros},
  journal = {Insurance: Mathematics and Economics},
  year = {2005},
  volume = {36},
  pages = {153--163},
  owner = {s3004874},
  timestamp = {2007.02.15}
}

@ARTICLE{Boucher2006,
  author = {J.-P. Boucher and M. Denuit},
  title = {Fixed versus random effects in \textsc{P}oisson regression models for claim
    counts},
  journal = {ASTIN Bulletin},
  year = {2006},
  volume = {36},
  pages = {285--301},
  number = {1},
  owner = {s3004874},
  timestamp = {2007.02.15}
}

@ARTICLE{BoucherNAAJ,
  author = {J.-P. Boucher and M. Denuit and M. Guill\'{e}n},
  title = {Risk classification for claim counts: mixed \textsc{P}oisson, zero-inflated mixed \textsc{P}oisson and hurdle models},
  journal = {North American Actuarial Journal},
  year = {2007},
  volume = {11},
  pages = {110--131},
  number = {4},
  owner = {s3004874},
  timestamp = {2007.02.15}
}

@ARTICLE{Boucher2007a,
  author = {J.-P. Boucher and M. Denuit and M. Guill\'{e}n},
  title = {Zero-inflated \textsc{P}oisson models for panel data},
  journal = {Working paper},
  year = {2007},
  volume = {},
  pages = {},
  number = {},
  owner = {s3004874},
  timestamp = {2007.02.15}
}

@BOOK{Boucher2007b,
  author = {J.-P. Boucher and M. Denuit and M. Guill\'{e}n},
  title = {Modeling of Insurance Claim Counts with Hurdle Distribution for Panel Data},
  publisher = {Advances in Mathematical and Statistical Modeling: Statistics for Industry and Technology, Birkh\"auser Boston, Inc.},
  year = {2008}
}

@ARTICLE{Boucher2009,
  author = {J.-P. Boucher and M. Denuit and M. Guill\'{e}n},
  title = {Number of accidents or number of claims? \textsc{A}n approach with
            zero--inflated \textsc{P}oisson models for panel data},
  journal = {The Journal of Risk and Insurance},
  year = {2009},
  volume = {forthcoming},
  pages = {},
  number = {},
  owner = {s3004874},
  timestamp = {2007.02.15}
}


@BOOK{Cameron1998,
  title = {Regression Analysis of Count Data},
  publisher = {Cambridge University Press},
  year = {1998},
  author = {A.C. Cameron and P.K. Trivedi},
  owner = {s3004874},
  timestamp = {2007.02.14}
}

@BOOK{Winkelmann,
  title = {Econometric Analysis of Count Data},
  publisher = {Springer-Verlag, Berlin},
  year = {2003},
  author = {R. Winkelmann},
  owner = {s3004874},
  timestamp = {2007.02.14}
}

@ARTICLE{Lee2006,
  author = {A. Lee and K. Wang and J. Scott and K. Yau and G. McLachlan},
  title = {Multi-level zero-inflated \textsc{P}oisson regression modelling of correlated count data with excess zeros},
  journal = {Statistical Methods In Medical Research},
  year = {2006},
  volume = {15},
  pages = {47--61},
  number = {1},
  owner = {s3004874},
  timestamp = {2007.02.15}
}

@ARTICLE{Yau2003,
  author = {K. Yau and K. Wang and A. Lee},
  title = {Zero-inflated Negative Binomial mixed regression model},
  journal = {Biometrical Journal},
  year = {2003},
  volume = {45},
  pages = {437--452},
  number = {4},
  owner = {},
  timestamp = {}
}



% IME Paper

@ARTICLE{Buhlmann1969,
  author = {H. B\"uhlmann},
  title = {Experience rating and credibility \textsc{II}},
  journal = {ASTIN Bulletin},
  year = {1969},
  volume = {5},
  pages = {157--165},
  owner = {s3004874},
  timestamp = {2007.02.15}
}

@ARTICLE{Buhlmann1967,
  author = {H. B\"uhlmann},
  title = {Experience rating and credibility \textsc{I}},
  journal = {ASTIN Bulletin},
  year = {1967},
  volume = {4},
  pages = {199--207},
  owner = {s3004874},
  timestamp = {2007.02.15}
}

@ARTICLE{BuhlmannStraub1970,
  author = {H. B\"uhlmann and E. Straub},
  title = {Glaubw\"urdigkeit f\"ur \textsc{S}chadens\"atze.},
  journal = {Mitteilungen der
Vereinigung schweizerischer Versicherungsmathematiker},
  year = {1970},
  volume = {},
  pages = {111--133},
  owner = {s3004874},
  timestamp = {2007.02.15}
}


@BOOK{Abramowitz,
  title = {Handbook of Mathematical Functions: with Formulas, Graphs
and Mathematical Tables},
  publisher = {Dover, New York},
  year = {1972},
  author = {M. Abramowitz and I.A. Stegun},
  owner = {s3004874},
  timestamp = {2007.02.14}
}

@ARTICLE{Booth,
  author = {J.G. Booth and J.P. Hobert},
  title = {Standard errors of prediction in generalized
linear mixed models},
  journal = {Journal of the American Statistical Association},
  year = {1998},
  volume = {93},
  number = {441},
  pages = {262--272},
  owner = {},
  timestamp = {}
}


@ARTICLE{DenuitGAM,
  author = {M. Denuit and S. Lang},
  title = {Non-life ratemaking with \textsc{B}ayesian \textsc{GAM}s},
  journal = {Insurance: Mathematics and Economics},
  year = {2004},
  volume = {35},
  number = {3},
  pages = {627--647},
  owner = {},
  timestamp = {}
}

@BOOK{Diggle,
  title = {Analysis of Longitudinal Data},
  publisher = {Oxford University Press, Oxford},
  year = {2002},
  author = {P.J. Diggle and P. Heagerty and K.Y. Liang and S.L. Zeger},
  owner = {s3004874},
  timestamp = {2007.02.14}
}

@ARTICLE{Fahrmeir,
  author = {L. Fahrmeir and S. Lang and F. Spies},
  title = {Generalized geoadditive models for insurance claims data},
  journal = {Bl\"{a}tter der Deutschen Gesellschaft f\"{u}r
Versicherungsmathematik},
  year = {2003},
  volume = {26},
  number = {},
  pages = {7--23},
  owner = {},
  timestamp = {}
}

@ARTICLE{Frees1999,
  author = {E.W. Frees and V.R. Young and Y. Luo},
  title = {A longitudinal data analysis interpretation of credibility models},
  journal = {Insurance: Mathematics and Economics},
  year = {1999},
  volume = {24},
  number = {3},
  pages = {229--247},
  owner = {s3004874},
  timestamp = {2007.02.15}
}

@ARTICLE{Durban,
  author = {M. Durban and J. Harezlak and M.P. Wand and R.J. Carroll},
  title = {Simple fitting of subject-specific curves for longitudinal data},
  journal = {Statistics In Medicine},
  year = {2005},
  volume = {24},
  number = {},
  pages = {1153--1167},
  owner = {},
  timestamp = {}
}

@ARTICLE{Hickman,
  author = {J.C. Hickman and L. Heacox},
  title = {Credibility theory: the cornerstone of actuarial science},
  journal = {North American Actuarial Journal},
  year = {1999},
  volume = {3},
  number = {2},
  pages = {1--8},
  owner = {},
  timestamp = {}
}

@ARTICLE{Mowbray,
  author = {A. Mowbray},
  title = {How extensive a payroll exposure is necessary to give dependable pure premiums},
  journal = {Proceedings of the Casualty Actuarial Society Forum},
  year = {1914},
  volume = {1},
  number = {},
  pages = {24--30},
  owner = {},
  timestamp = {}
}

@ARTICLE{Whitney,
  author = {A. Whitney},
  title = {The theory of experience rating},
  journal = {Proceedings of the Casualty Actuarial Society Forum},
  year = {1918},
  volume = {4},
  number = {},
  pages = {274--292},
  owner = {},
  timestamp = {}
}

@ARTICLE{Frees2001,
  author = {E.W. Frees and V.R. Young and Y. Luo},
  title = {Case studies using panel data models},
  journal = {North American Actuarial Journal},
  year = {2001},
  volume = {5},
  number = {4},
  pages = {24--42},
  owner = {s3004874},
  timestamp = {2007.02.15}
}

@ARTICLE{Frees2001,
  author = {E.W. Frees and V.R. Young and Y. Luo},
  title = {Case studies using panel data models},
  journal = {North American Actuarial Journal},
  year = {2001},
  volume = {5},
  number = {4},
  pages = {24--42},
  owner = {s3004874},
  timestamp = {2007.02.15}
}

@ARTICLE{Jin2014,
  author = {X. Jin and E.W. Frees},
  title = {Comparing micro- and macro-level loss reserving models},
  journal = {Under revision for resubmission},
  year = {2014},
  volume = {},
  number = {},
  pages = {},
  owner = {},
  timestamp = {}
}




@ARTICLE{Jewell1975,
  author = {W.S. Jewell},
  title = {The use of collateral data in credibility theory: a hierachical
    model},
  journal = {Giornale dell'Instituto Italiano degli Attuari},
  year = {1975},
  volume = {38},
  pages = {1--6},
  owner = {s3004874},
  timestamp = {2007.02.15}
}

@BOOK{Molenberghs,
  title = {Models for Discrete Longitudinal Data},
  publisher = {Springer Series In Statistics, Springer, New York},
  year = {2005},
  author = {G. Molenberghs and G. Verbeke},
  owner = {s3004874},
  timestamp = {2007.02.15}
}

@ARTICLE{Mullahy1986,
  author = {J. Mullahy},
  title = {Specification and testing of some modified count data models},
  journal = {Journal of econometrics},
  year = {1986},
  volume = {33},
  pages = {341--365},
  number = {},
  owner = {s3004874},
  timestamp = {2007.02.15}
}

@ARTICLE{Kaas1997,
  author = {R. Kaas and D.R. Dannenburg and M. Goovaerts},
  title = {Exact credibility for weighted observations},
  journal = {ASTIN Bulletin},
  year = {1997},
  volume = {27},
  number = {2},
  pages = {287--295},
  owner = {s3004874},
  timestamp = {2007.02.15}
}

@BOOK{Klugman,
  title = {Bayesian Statistics in Actuarial Science with Emphasis on Credibility},
  publisher = {Kluwer, Boston},
  year = {1992},
  author = {S. Klugman},
  owner = {s3004874},
  timestamp = {2007.02.15}
}

@BOOK{DenuitWiley,
  title = {Actuarial Theory for Dependent Risks: Measures, Orders and Models},
  publisher = {Wiley},
  year = {2005},
  author = {M. Denuit and J. Dhaene and M. Goovaerts and R. Kaas},
  owner = {},
  timestamp = {}
}

@ARTICLE{Liu,
  author = {Q. Liu and D.A. Pierce},
  title = {A note on \textsc{G}auss-\textsc{H}ermite quadrature},
  journal = {Biometrika},
  year = {1994},
  volume = {81},
  pages = {624--629},
  number = {3},
  owner = {s3004874},
  timestamp = {2007.02.15}
}

@ARTICLE{Laird,
  author = {N.M. Laird and J.H. Ware},
  title = {Random-effects models for longitudinal data},
  journal = {Biometrics},
  year = {1982},
  volume = {38},
  pages = {963--974},
  number = {4},
  owner = {s3004874},
  timestamp = {2007.02.15}
}


@ARTICLE{Makov,
  author = {U. Makov and A.F.M. Smith and Y.H. Liu},
  title = {Bayesian methods in actuarial science},
  journal = {The Statistician},
  year = {1996},
  volume = {45},
  pages = {503--515},
  number = {4},
  owner = {s3004874},
  timestamp = {2007.02.15}
}

@BOOK{McCulloch,
  title = {Generalized, Linear and Mixed Models},
  publisher = {Wiley Series in Probability and Statistics, Wiley, New York},
  year = {2001},
  author = {C.E. McCulloch and S.R. Searle},
  owner = {s3004874},
  timestamp = {2007.02.15}
}

@ARTICLE{McNeil,
  author = {A.J. McNeil and J. Wendin},
  title = {Bayesian inference for generalized linear mixed models of
portfolio credit risk},
  journal = {},
  year = {2007},
  volume = {},
  pages = {},
  number = {},
  owner = {s3004874},
  timestamp = {2007.02.15}
}

@ARTICLE{Nelder,
  author = {J.A. Nelder and R.J. Verrall},
  title = {Credibility theory and generalized linear models},
  journal = {ASTIN Bulletin},
  year = {1997},
  volume = {27},
  pages = {71--82},
  number = {1},
  owner = {s3004874},
  timestamp = {2007.02.15}
}

@ARTICLE{Purcaru,
  author = {O. Purcaru and M. Denuit},
  title = {Dependence in dynamic claim frequency credibility models},
  journal = {ASTIN Bulletin},
  year = {2003},
  volume = {33},
  pages = {23--40},
  number = {1},
  owner = {s3004874},
  timestamp = {2007.02.15}
}

@ARTICLE{Scollnik,
  author = {D. Scollnik},
  title = {An introduction to \textsc{M}arkov \textsc{C}hain \textsc{M}onte \textsc{C}arlo methods and their actuarial applications},
  journal = {Proceedings of the Casualty Actuarial Society Forum},
  year = {1996},
  volume = {LXXXIII},
  pages = {114--165},
  number = {},
  owner = {s3004874},
  timestamp = {2007.02.15}
}

@ARTICLE{Scollnik2000,
  author = {D. Scollnik},
  title = {Actuarial modeling with \textsc{MCMC} and \textsc{B}ugs: additional worked examples},
  journal = {Actuarial Research Clearing House},
  year = {2000},
  volume = {2000.2},
  pages = {433--585},
  number = {},
  owner = {},
  timestamp = {}
}

@BOOK{Verbeke,
  title = {Linear Mixed Models for Longitudinal Data},
  publisher = {Springer Series in Statistics, Springer, New York},
  year = {2000},
  author = {G. Verbeke and G. Molenberghs},
  owner = {s3004874},
  timestamp = {2007.02.15}
}

@ARTICLE{Wolfinger,
  author = {R. Wolfinger and M. O'Connell},
  title = {Generalized linear mixed models: a pseudo-likelihood approach},
  journal = {Journal of Statistical Computation and Simulation},
  year = {1993},
  volume = {48},
  pages = {233--243},
  number = {},
  owner = {},
  timestamp = {}
}

@ARTICLE{Zeger,
  author = {S.L. Zeger and M.R. Karim},
  title = {Generalized linear models with random effects: a \textsc{G}ibbs
sampling approach},
  journal = {Journal of the American Statistical Association},
  year = {1991},
  volume = {86},
  pages = {79--86},
  number = {413},
  owner = {},
  timestamp = {}
}

@ARTICLE{Zhao,
  author = {Y. Zhao and J. Staudenmayer and B.A. Coull and M.P.
Wand},
  title = {Generalized design \textsc{B}ayesian generalized linear mixed
models},
  journal = {Working paper},
  year = {2005},
  volume = {},
  pages = {},
  number = {},
  owner = {},
  timestamp = {}
}

% Fleet paper
@ARTICLE{Hausman,
  author = {J. Hausman and B. Hall and Z. Griliches},
  title = {Econometric models for count data with application to patents \textsc{R} and \textsc{D} relationship},
  journal = {Econometrica},
  year = {1984},
  volume = {52},
  pages = {271--320},
  number = {},
  owner = {s3004874},
  timestamp = {2007.02.15}
}


@ARTICLE{Spiegelhalter2002,
  author = {D.J. Spiegelhalter and N. Best and B.P. Carlin and A. van der Linde},
  title = {Bayesian measures of model complexity and fit (with discussion)},
  journal = {J. Roy. Statist. Soc., Ser. B},
  year = {2002},
  volume = {64},
  pages = {583--639},
  number = {},
  owner = {s3004874},
  timestamp = {2007.02.15}
}

@BOOK{DenuitCharpI,
  title = {Math\'{e}matiques de l'assurance non-vie, Tome 1: Principes fondamentaux
    de th\'{e}orie du risque},
  publisher = {Economica},
  year = {2004},
  author = {M. Denuit and A. Charpentier},
  owner = {s3004874},
  timestamp = {2007.02.15}
}

@BOOK{DenuitCharpII,
  title = {Math\'{e}matiques de l'assurance non-vie, Tome 2: Tarification
    et provisionnement},
  publisher = {Economica},
  year = {2005},
  author = {M. Denuit and A. Charpentier},
  owner = {s3004874},
  timestamp = {2007.02.15}
}



@BOOK{Denuit2007,
  title = {Actuarial Modelling Of Claim Counts: Risk Classification, Credibility and Bonus-Malus Scales},
  publisher = {Wiley},
  year = {2007},
  author = {M. Denuit and X. Mar\'{e}chal and S. Pitrebois and J.-F. Walhin},
  owner = {s3004874},
  timestamp = {2007.02.15}
}

@ARTICLE{Desjardins,
  author = {D. Desjardins and G. Dionne and J. Pinquet},
  title = {Experience rating scheme for fleets of vehicles},
  journal = {ASTIN Bulletin},
  year = {2001},
  volume = {31},
  pages = {81--105},
  number = {1},
  owner = {s3004874},
  timestamp = {2007.02.15}
}

@ARTICLE{Angers,
  author = {J.-F. Angers and D. Derjardins and G. Dionne and F. Guertin},
  title = {Vehicle and fleet random effects in a model of insurance rating for fleets of vehicles},
  journal = {ASTIN Bulletin},
  year = {2006},
  volume = {36},
  pages = {25--77},
  number = {1},
  owner = {s3004874},
  timestamp = {2007.02.15}
}

@BOOK{Frees2004,
  title = {Longitudinal and Panel Data: Analysis and Applications in the Social
    Sciences},
  publisher = {Cambridge University Press, Cambridge},
  year = {2004},
  author = {E.W. Frees},
  owner = {s3004874},
  timestamp = {2007.02.15}
}

@ARTICLE{Frees2006,
  author = {E.W. Frees and J.-S. Kim},
  title = {Multilevel model prediction},
  journal = {Psychometrika},
  year = {2006},
  volume = {71},
  pages = {79--104},
  number = {1},
  owner = {s3004874},
  timestamp = {2007.02.15}
}

@ARTICLE{Marshall,
  author = {A.W. Marshall and I. Olkin},
  title = {Families of multivariate distributions},
  journal = {Journal of the American Statistical Association},
  year = {1988},
  volume = {83},
  pages = {834--841},
  number = {403},
  owner = {},
  timestamp = {}
}

@ARTICLE{Kimberling,
  author = {C.H. Kimberling},
  title = {A probabilistic interpretation of complete monotonicity},
  journal = {Aequationes Math.},
  year = {1974},
  volume = {10},
  pages = {152--164},
  number = {},
  owner = {},
  timestamp = {}
}

@BOOK{Widder,
  title = {The Laplace Transform},
  publisher = {Princeton University Press, Princeton},
  year = {1946},
  author = {D.V. Widder},
  owner = {},
  timestamp = {}
}

@BOOK{Karr,
  title = {Point Processes and their Statistical Inference},
  publisher = {Marcel Dekker INC},
  year = {1991},
  author = {A.F. Karr},
  owner = {},
  timestamp = {}
}

@ARTICLE{Halliwell2007,
  author = {L.J. Halliwell},
  title = {Chain--ladder bias: its reason and meaning},
  journal = {Variance},
  year = {2007},
  volume = {1},
  pages = {214--247},
  number = {},
  owner = {},
  timestamp = {}
}

@ARTICLE{Halliwell2009,
  author = {L.J. Halliwell},
  title = {Modelling paid and incurred losses together},
  journal = {CAS E-forum spring 2009},
  year = {2009},
  volume = {},
  pages = {},
  number = {},
  owner = {},
  timestamp = {}
}


@ARTICLE{Frees2007,
  author = {E.W. Frees and E.A. Valdez},
  title = {Hierarchical insurance claims modeling},
  journal = {Journal of the American Statistical Association},
  year = {2008},
  volume = {103},
  pages = {1457--1469},
  number = {484},
  note = {},
  owner = {s3004874},
  timestamp = {2007.01.12}
}

@ARTICLE{Deb,
  author = {P. Deb and M.K. Munkin and P.K. Trivedi},
  title = {Private insurance, selection and health care use: a \textsc{B}ayesian analysis of a \textsc{R}oy--type model},
  journal = {Journal of Business \& Economic Statistics},
  year = {2006},
  volume = {24},
  pages = {403--415},
  number = {4},
  note = {},
  owner = {s3004874},
  timestamp = {2007.01.12}
}

@ARTICLE{Whelan,
  author = {N. Whelan},
  title = {Sampling from \textsc{A}rchimedean copulas},
  year = {2004},
  journal = {Quantitative Finance},
  volume = {4},
  pages = {339--352},
  number = {3},
  note = {},
  owner = {s3004874},
  timestamp = {2007.01.12}
}

@ARTICLE{McNeilArch,
  author = {A.J. McNeil},
  title = {Sampling nested \textsc{A}rchimedean copulas},
  year = {2007},
  journal = {To appear in Journal of Statistical Computation and Simulation},
  volume = {},
  pages = {},
  number = {},
  note = {},
  owner = {s3004874},
  timestamp = {2007.01.12}
}

@ARTICLE{SavuTrede,
  author = {C. Savu and M. Trede},
  title = {Hierarchical \textsc{A}rchimedean Copulas},
  year = {2006},
  journal = {Working paper, University of M\"unster},
  volume = {},
  pages = {},
  number = {},
  note = {},
  owner = {s3004874},
  timestamp = {2007.01.12}
}

@BOOK{Gelman2004,
  title = {Bayesian Data Analysis},
  publisher = {Chapman and Hall},
  year = {2004},
  author = {A. Gelman and J.B. Carlin and H.S. Stern and D.B. Rubin},
  owner = {s3004874},
  timestamp = {2007.02.15}
}

@ARTICLE{Shoukri,
  author = {M. Shoukri and M. Asyali and R. Vandorp and D. Kelton},
  title = {The \textsc{P}oisson \textsc{I}nverse \textsc{G}aussian regression model in the analysis of clustered count data},
  journal = {Journal of Data Science},
  volume = {2},
  pages = {17--32},
  number = {},
  year = {2004},
  note = {},
  owner = {s3004874},
  timestamp = {2007.01.12}
}

@BOOK{Gelman2007,
  title = {Applied Regression and Multilevel (Hierarchical) Models},
  publisher = {Cambridge University Press, Cambridge},
  year = {2007},
  author = {A. Gelman and J. Hill},
  owner = {s3004874},
  timestamp = {2007.02.15}
}

@BOOK{Goldstein2003,
  title = {Multilevel Statistical Models},
  publisher = {Oxford University Press},
  year = {2003},
  author = {H. Goldstein},
  owner = {s3004874},
  timestamp = {2007.02.15}
}


@BOOK{Kreft1998,
  title = {Introducing Multilevel Modeling},
  publisher = {Sage Publications, London},
  year = {1998},
  author = {I.G.G. Kreft and J. deLeeuw},
  owner = {s3004874},
  timestamp = {2007.02.15}
}

@BOOK{Raudenbush2002,
  title = {Hierarchical Linear Models: Applications and Data Analysis Methods},
  publisher = {Sage Publications, Thousand Oaks},
  year = {2002},
  author = {S.W. Raudenbush and A.S. Bryk},
  owner = {s3004874},
  timestamp = {2007.02.15}
}

@ARTICLE{Shaked1980,
  author = {M. Shaked},
  title = {On mixtures from exponential families},
  journal = {Biometrika},
  year = {1980},
  volume = {42},
  pages = {415--433},
  number = {},
  owner = {s3004874},
  timestamp = {2007.02.15}
}

@BOOK{Snijders1999,
  title = {Multilevel Analysis: an Introduction to Basic and Advanced Multilevel
    Modeling},
  publisher = {Sage Publications, London},
  year = {1999},
  author = {T.A.B. Snijders and R.J. Bosker},
  owner = {s3004874},
  timestamp = {2007.02.15}
}

@BOOK{Verbeke2000,
  title = {Linear Mixed Models for Longitudinal Data.},
  publisher = {Springer Series In Statistics, New York},
  year = {2000},
  author = {G. Verbeke and G. Molenberghs},
  owner = {s3004874},
  timestamp = {2007.02.15}
}

@ARTICLE{Wolfinger1993,
  author = {R. Wolfinger and M. O'Connell},
  title = {Generalized linear mixed models: a
            pseudo-likelihood approach.},
  journal = {Journal of Statistical Computation
and Simulation},
  year = {1993},
  volume = {48},
  pages = {233--243},
  number = {1},
  owner = {s3004874},
  timestamp = {2007.02.15}
}

% JRI paper
@BOOK{Beirlant,
  title = {Statistics of Extremes},
  publisher = {Wiley},
  year = {2004},
  author = {J. Beirlant and Y. Goegebeur and J. Segers and J. Teugels},
  owner = {},
  timestamp = {}
}

@ARTICLE{deAlba,
  author = {E. de Alba},
  title = {Bayesian estimation of outstanding claims reserves},
  journal = {North American Actuarial Journal},
  year = {2002},
  volume = {6},
  pages = {1--20},
  number = {4},
  owner = {},
  timestamp = {}
}

@ARTICLE{DeVylder,
  author = {F. De Vylder and M. Goovaerts},
  title = {Proceedings of the first meeting of the contact group
``Actuarial Sciences''},
  journal = {KU Leuven, nr 7904B, wettelijk depot:
D/1979/23761/5},
  year = {1979},
  volume = {6},
  pages = {},
  number = {},
  owner = {},
  timestamp = {}
}

@ARTICLE{Doray,
  author = {L. Doray},
  title = {\textsc{IBNR} reserve under a loglinear
location-scale regression model},
  journal = {Proceedings of the Casualty Actuarial Society Forum},
  year = {1994},
  volume = {2},
  pages = {607--652},
  number = {},
  owner = {},
  timestamp = {}
}

@ARTICLE{Wuth,
  author = {M. Buchwalder and H. B\"uhlmann and M. Merz and M. W\"utrich},
  title = {The mean square error of prediction in the chain ladder reserving method (\textsc{M}ack and \textsc{M}urphy revisited)},
  journal = {ASTIN Bulletin},
  year = {2006},
  volume = {36},
  pages = {521--542},
  number = {2},
  owner = {},
  timestamp = {}
}

@ARTICLE{England01,
  author = {P.D. England and R.J. Verrall},
  title = {A flexible framework for stochastic claims reserving},
  journal = {Proceedings of the Casualty Actuarial Society Forum},
  year = {2001},
  volume = {},
  pages = {},
  number = {},
  owner = {},
  timestamp = {}
}

@BOOK{Hastie,
  title = {Generalized Additive Models},
  publisher = {Chapman \& Hall, London},
  year = {1990},
  author = {T.J. Hastie and R.J. Tibshirani},
  owner = {},
  timestamp = {}
}

@BOOK{Kaas,
  title = {Modern Actuarial Risk Theory: using \textsc{R}},
  publisher = {Kluwer, The Netherlands},
  year = {2008},
  author = {R. Kaas and M. Goovaerts and J. Dhaene and M. Denuit},
  owner = {},
  timestamp = {}
}

@BOOK{Kaas2008,
  title = {Modern Actuarial Risk Theory using R},
  publisher = {Springer--Verlag, Berlin},
  year = {2008},
  author = {R. Kaas and M. Goovaerts and J. Dhaene and M. Denuit},
  owner = {},
  timestamp = {}
}


@ARTICLE{Kunkler,
  author = {M. Kunkler},
  title = {Modelling zeros in stochastic reserving models},
  journal = {Insurance: Mathematics and Economics},
  year = {2004},
  volume = {34},
  pages = {23--35},
  number = {1},
  owner = {},
  timestamp = {}
}

@ARTICLE{Ntzoufras,
  author = {N. Ntzoufras and P. Dellaportas},
  title = {Bayesian modelling of outstanding liabilities incorporating claim count uncertainty},
  journal = {North American Actuarial Journal},
  year = {2002},
  volume = {6},
  pages = {113--128},
  number = {},
  owner = {},
  timestamp = {}
}

@ARTICLE{Olsen,
  author = {M.K. Olsen and J.L. Schafer},
  title = {A two-part random-effects model for semincontinuous longitudinal data},
  journal = {Journal of the American Statistical Association},
  year = {2001},
  volume = {96},
  pages = {730--745},
  number = {454},
  owner = {},
  timestamp = {}
}



@BOOK{Ruppert,
  title = {Semiparametric Regression},
  publisher = {Cambridge University Press, Cambridge},
  year = {2003},
  author = {D. Ruppert and M.P. Wand and R.J. Carroll},
  owner = {},
  timestamp = {}
}


@ARTICLE{Scollnik06,
  author = {D. Scollnik},
  title = {Discussion of ``\textsc{A} \textsc{B}ayesian generalized linear
model for the \textsc{B}ornhuetter-\textsc{F}erguson method of claims reserving''},
  journal = {North American Actuarial Journal},
  year = {2006},
  volume = {9},
  pages = {146--149},
  number = {3},
  owner = {},
  timestamp = {}
}

@ARTICLE{Spiegelhalter,
  author = {D.J. Spiegelhalter and N.G. Best and B.P. Carlin and A. Van der Linde},
  title = {Bayesian measures of model
complexity and fit},
  journal = {Journal of the Royal Statistical
Society, Series B},
  year = {2002},
  volume = {64},
  pages = {583--639},
  number = {3},
  owner = {},
  timestamp = {}
}

@ARTICLE{Verrall96,
  author = {R.J. Verrall},
  title = {Claims reserving and generalized additive models},
  journal = {Insurance: Mathematics and Economics},
  year = {1996},
  volume = {19},
  pages = {31--43},
  number = {},
  owner = {},
  timestamp = {}
}

@ARTICLE{Verrall05,
  author = {R.J. Verrall},
  title = {Discussion of ``\textsc{A} \textsc{B}ayesian generalized linear
model for the \textsc{B}ornhuetter-\textsc{F}erguson method of claims reserving''},
  journal = {North American Actuarial Journal},
  year = {2005},
  volume = {9},
  pages = {149},
  number = {3},
  owner = {},
  timestamp = {}
}

@ARTICLE{FreesWang,
  author = {E.W. Frees and P. Wang},
  title = {Credibility using copulas},
  journal = {North American Actuarial Journal},
  year = {2005},
  volume = {9},
  pages = {31--48},
  number = {2},
  owner = {},
  timestamp = {}
}

@ARTICLE{FreesWang2,
  author = {E.W. Frees and P. Wang},
  title = {Copula credibility for aggregate loss models},
  journal = {Insurance: Mathematics and Economics},
  year = {2006},
  volume = {38},
  pages = {360--373},
  number = {2},
  owner = {},
  timestamp = {}
}

@ARTICLE{FreesCop,
  author = {E.W. Frees and E.A. Valdez},
  title = {Understanding relationships using copulas},
  journal = {North American Actuarial Journal},
  year = {1998},
  volume = {2},
  pages = {1--25},
  number = {1},
  owner = {},
  timestamp = {}
}

@ARTICLE{Wendin,
  author = {A.J. McNeil and J. Wendin},
  title = {Bayesian inference for generalized linear mixed models of portfolio credit risk},
  journal = {Journal of Empirical Finance},
  year = {2007},
  volume = {14},
  pages = {131--149},
  number = {2},
  owner = {},
  timestamp = {}
}

@BOOK{Embrechts,
  title = {Quantitative Risk Management: Concepts, Techniques and Tools},
  publisher = {Princeton Series in Finance, Princeton},
  year = {2005},
  author = {A.J. McNeil and R. Frey and P. Embrechts},
  owner = {},
  timestamp = {}
}

@BOOK{Joe,
  title = {Multivariate Models and Multivariate Dependence Concepts},
  publisher = {Monographs on statistics and applied probability, Chapman and Hall},
  year = {1997},
  author = {H. Joe},
  owner = {},
  timestamp = {}
}

@ARTICLE{Crowder85,
  author = {M. Crowder},
  title = {A distributional model for repeated failure time measurements},
  journal = {Journal of the Royal Statistical Society, Series B},
  year = {1985},
  volume = {47},
  pages = {447--452},
  number = {3},
  owner = {},
  timestamp = {}
}

@ARTICLE{Crowder89,
  author = {M. Crowder},
  title = {A multivariate distribution with \textsc{W}eibull connections},
  journal = {Journal of the Royal Statistical Society, Series B},
  year = {1989},
  volume = {51},
  pages = {93--107},
  number = {1},
  owner = {},
  timestamp = {}
}

@ARTICLE{Fougeres,
  author = {A.L. Foug\`{e}res and J.P. Nolan and H. Rootz\'{e}n},
  title = {Mixture models for extremes},
  journal = {Working paper, Chalmers -- G\"oteborg University, online at http://www.math.chalmers.se/Math/Research/Preprints/2005/22.pdf},
  year = {2005},
  volume = {2005},
  pages = {25 pages},
  number = {22},
  owner = {},
  timestamp = {}
}

@ARTICLE{LeongValdez,
  author = {K.L. Yeo and E.A. Valdez},
  title = {Claim dependence with common effects in credibility models},
  journal = {Insurance: Mathematics and Economics},
  year = {2006},
  volume = {38},
  pages = {609--629},
  number = {3},
  owner = {},
  timestamp = {}
}


% NAAJ Paper

@ARTICLE{Barnett,
  author = {G. Barnett and B. Zehnwirth},
  title = {Best estimates for reserves},
  journal = {Proceedings of the Casualty Actuarial Society Forum},
  year = {1998},
  volume = {},
  pages = {1--54},
  number = {},
  owner = {},
  timestamp = {}
}


@ARTICLE{Kremer,
  author = {E. Kremer},
  title = {\textsc{IBNR} claims and the two way model of \textsc{ANOVA}},
  journal = {Scandinavian Actuarial Journal},
  year = {1982},
  volume = {},
  pages = {47--55},
  number = {},
  owner = {},
  timestamp = {}
}

@ARTICLE{Taylor02,
  author = {G. Taylor and M. Campbell},
  title = {Statistical case estimation},
  journal = {Research paper number 104,
The University of Melbourne, Australia},
  year = {2002},
  volume = {},
  pages = {},
  number = {},
  owner = {},
  timestamp = {}
}

@ARTICLE{Taylor03,
  author = {G. Taylor and G. McGuire and A. Greenfield},
  title = {Loss reserving: past, present and
future},
  journal = {Research paper number 109,
The University of Melbourne, Australia},
  year = {2003},
  volume = {},
  pages = {},
  number = {1},
  owner = {},
  timestamp = {}
}

@ARTICLE{TaylorInd,
  author = {G. Taylor and G. McGuire and J. Sullivan},
  title = {Individual claim loss reserving conditioned by case estimates},
  journal = {Annals of Actuarial Science},
  year = {2008},
  volume = {3},
  pages = {215--256},
  number = {1-2},
  owner = {},
  timestamp = {}
}

@ARTICLE{LiuVerrall,
  author = {H. Liu and R. Verrall},
  title = {Predictive distributions for reserves which separate true \textsc{IBNR} and \textsc{IBNER} claims},
  journal = {ASTIN Bulletin},
  year = {2009},
  volume = {39},
  pages = {35--60},
  number = {1},
  owner = {},
  timestamp = {}
}

@ARTICLE{Schnieper,
  author = {R. Schnieper},
  title = {Separating true \textsc{IBNR} and \textsc{IBNER} claims},
  journal = {ASTIN Bulletin},
  year = {1991},
  volume = {21},
  pages = {111--127},
  number = {1},
  owner = {},
  timestamp = {}
}

@ARTICLE{Wright,
  author = {T.S. Wright},
  title = {A stochastic method for claims reserving in general insurance},
  journal = {J. Inst. Actuar.},
  year = {1990},
  volume = {117},
  pages = {677--731},
  number = {1},
  owner = {},
  timestamp = {}
}

@ARTICLE{WuthrichAlai,
  author = {D. Alai and M. W\"uthrich},
  title = {Modelling small and large claims in a chain--ladder framework.},
  journal = {Working paper},
  year = {2009},
  volume = {},
  pages = {},
  number = {},
  owner = {},
  timestamp = {}
}

@ARTICLE{ZhaoIME2,
  author = {X. B. Zhao and X. Zhou},
  title = {Applying copula models to individual claim loss reserving methods},
  journal = {Insurance: Mathematics and Economics},
  year = {2010},
  volume = {46},
  pages = {290--299},
  number = {2},
  owner = {},
  timestamp = {}
}

@ARTICLE{Larsen,
  author = {C.R. Larsen},
  title = {An individual claims reserving model},
  journal = {ASTIN Bulletin},
  year = {2007},
  volume = {37},
  pages = {113--132},
  number = {1},
  owner = {},
  timestamp = {}
}

@ARTICLE{Murphy,
  author = {K. Murphy and A. McLennan},
  title = {A method for projecting individual large claims},
  journal = {Casualty Actuarial Society Forum},
  year = {2006},
  volume = {},
  pages = {205--236},
  number = {},
  owner = {},
  timestamp = {}
}

@ARTICLE{Zeileis,
  author = {A. Zeileis and C. Kleiber and S. Jackman},
  title = {Regression models for count data in \texttt{R}.},
  journal = {The Journal of Statistical Software},
  year = {},
  volume = {},
  pages = {},
  number = {1},
  owner = {},
  timestamp = {}
}

@ARTICLE{DebTrivedi,
  author = {P. Deb and P.K. Trivedi},
  title = {Demand for medical care by the elderly: a finite mixture approach},
  journal = {Journal of Applied Econometrics},
  year = {1997},
  volume = {12},
  pages = {313--336},
  number = {},
  owner = {},
  timestamp = {}
}

@ARTICLE{VerrallDouble,
  author = {R. Verrall and J.P. Nielsen and A. Jessen},
  title = {Including count data in claims reserving},
  journal = {ASTIN Bulletin},
  year = {2010},
  volume = {40},
  pages = {871--887},
  number = {2},
  owner = {},
  timestamp = {}
}

@ARTICLE{Martinez,
  author = {M.D. Martinez and B. Nielsen and J.P. Nielsen and R.J. Verrall},
  title = {Cash flow simulation for a model of outstanding liabilities based on claim amounts and claim numbers},
  journal = {ASTIN Bulletin},
  year = {2011},
  volume = {41},
  pages = {107--129},
  number = {1},
  owner = {},
  timestamp = {}
}

@ARTICLE{AzzaliniSJS,
  author = {A. Azzalini},
  title = {A class of distributions which includes the normal ones},
  journal = {Scandinavian Journal of Statistics},
  year = {1985},
  volume = {12},
  pages = {171--178},
  number = {},
  owner = {},
  timestamp = {}
}

@ARTICLE{AzzaliniJRSSB,
  author = {A. Azzalini and A. Capitanio},
  title = {Statistical applications of the multivariate skew normal distribution},
  journal = {Journal of the Royal Statistical Society, Series B (Statistical Methodology)},
  year = {1999},
  volume = {61},
  pages = {579--602},
  number = {3},
  owner = {},
  timestamp = {}
}

@ARTICLE{AzzaliniBiometrika,
  author = {A. Azzalini and A. Dalla Valle},
  title = {The multivariate skew--normal distribution},
  journal = {Biometrika},
  year = {1996},
  volume = {83},
  pages = {715--726},
  number = {},
  owner = {},
  timestamp = {}
}

@ARTICLE{Rosenlund,
  author = {S. Rosenlund},
  title = {Bootstrapping individual claim histories},
  journal = {ASTIN Bulletin},
  year = {2012},
  volume = {42},
  pages = {291--324},
  number = {1},
  owner = {},
  timestamp = {}
}

@ARTICLE{Bartlett,
  author = {M.S. Bartlett},
  title = {The effect of standardization on a chi--square approximation in factor analysis},
  journal = {Biometrika},
  year = {1996},
  volume = {38},
  pages = {337--344},
  number = {},
  owner = {},
  timestamp = {}
}


@ARTICLE{Cheng,
  author = {J.T. Cheng and N.A.K. Amin},
  title = {Estimating parameters in continuous univariate distributions with a shifted origin},
  journal = {Journal of the Royal Statistical Society, Series B (Statistical Methodology)},
  year = {1983},
  volume = {45},
  pages = {394--403},
  number = {3},
  owner = {},
  timestamp = {}
}

@ARTICLE{Gupta,
  author = {A.K. Gupta and J.T. Chen},
  title = {A class of multivariate skew normal models},
  journal = {The Annals of the Institute of Statistical Mathematics},
  year = {2004},
  volume = {56},
  pages = {305--315},
  number = {2},
  owner = {},
  timestamp = {}
}

@ARTICLE{Pewsey,
  author = {A. Pewsey},
  title = {Problems of inference for Azzalini's skewnormal distribution},
  journal = {Journal of Applied Statistics},
  year = {2000},
  volume = {27},
  pages = {859--870},
  number = {7},
  owner = {},
  timestamp = {}
}

@ARTICLE{PIC,
  author = {M. Merz and M.V. W\"uthrich},
  title = {Paid--incurred chain claims reserving method},
  journal = {Insurance: Mathematics and Economics},
  year = {2010},
  volume = {46},
  pages = {568--579},
  number = {3},
  owner = {},
  timestamp = {}
}

@ARTICLE{PIC3,
  author = {M. Merz and M.V. W\"uthrich},
  title = {Estimation of tail development factors in the paid--incurred chain reserving method},
  journal = {Variance},
  year = {2013},
  volume = {7},
  pages = {61--73},
  number = {1},
  owner = {},
  timestamp = {}
}

@ARTICLE{PIC2,
  author = {S. Happ and M. W\"uthrich},
  title = {Paid--incurred chain reserving method with dependence modelling},
  journal = {ASTIN Bulletin},
  year = {2013},
  volume = {43},
  pages = {1--20},
  number = {1},
  owner = {},
  timestamp = {}
}

@ARTICLE{Pigeon,
  author = {M. Pigeon and M. Denuit},
  title = {Composite Lognormal-Pareto model with random threshold},
  journal = {Scandinavian Actuarial Journal},
  year = {2011},
  volume = {2011},
  pages = {177--192},
  number = {3},
  owner = {},
  timestamp = {}
}

@ARTICLE{Roberts,
  author = {C. Roberts and S. Geisser},
  title = {A necessary and sufficient condition for the square of a random variable to be gamma},
  journal = {Biometrika},
  year = {1966},
  volume = {53},
  pages = {275--278},
  number = {1/2},
  owner = {},
  timestamp = {}
}


@ARTICLE{Scollnik,
  author = {D. Scollnik},
  title = {On composite Lognormal-Pareto models},
  journal = {Scandinavian Actuarial Journal},
  year = {2007},
  volume = {1},
  pages = {20--33},
  number = {},
  owner = {},
  timestamp = {}
}








@ARTICLE{Martinez2,
  author = {M.D. Martinez and J.P. Nielsen and R.J. Verrall},
  title = {Double chain--ladder},
  journal = {ASTIN Bulletin},
  year = {2012},
  volume = {42},
  pages = {59--76},
  number = {1},
  owner = {},
  timestamp = {}
}

@ARTICLE{Arjas,
  author = {E. Arjas},
  title = {The claims reserving problem in non--life insurance: some structural ideas.},
  journal = {ASTIN Bulletin},
  year = {1989},
  volume = {19},
  pages = {139--152},
  number = {2},
  owner = {},
  timestamp = {}
}


@ARTICLE{VerrallExpert,
  author = {R. Verrall},
  title = {A Bayesian generalized linear model for the Bornhuetter--Ferguson method
           of claims reserving},
  journal = {North American Actuarial Journal},
  year = {2004},
  volume = {},
  pages = {},
  number = {1},
  owner = {},
  timestamp = {}
}

@ARTICLE{Renshaw,
  author = {A. Renshaw},
  title = {Modelling the claims process in the presence of covariates},
  journal = {ASTIN Bulletin},
  year = {1994},
  volume = {24},
  pages = {265--285},
  number = {},
  owner = {},
  timestamp = {}
}

@ARTICLE{Mack,
  author = {T. Mack},
  title = {The standard error of chain--ladder reserve estimates: recursive calculation and inclusion of a tail--factor},
  journal = {ASTIN Bulletin},
  year = {1999},
  volume = {29},
  pages = {361--366},
  number = {2},
  owner = {},
  timestamp = {}
}

@ARTICLE{Mack93,
  author = {T. Mack},
  title = {Distribution--free calculation of the standard error of chain--ladder reserve estimates},
  journal = {ASTIN Bulletin},
  year = {1993},
  volume = {23},
  pages = {213--225},
  number = {2},
  owner = {},
  timestamp = {}
}




@ARTICLE{VerrallEnglandExpert,
  author = {R. Verrall and P.D. England},
  title = {Incorporating expert opinion into a stochastic model for the
           chain-ladder technique},
  journal = {Insurance: Mathematics and Economics},
  year = {2005},
  volume = {37},
  pages = {355--370},
  number = {2},
  owner = {},
  timestamp = {}
}

@ARTICLE{WuthrichExpert07,
  author = {Lambrigger and Shevchenko and M. W\"uthrich},
  title = {The
Quantification of Operational Risk using Internal Data, Relevant
External Data and Expert Opinions},
  journal = {The Journal of Operational Risk},
  year = {2007},
  volume = {},
  pages = {},
  number = {},
  owner = {},
  timestamp = {}
}

@ARTICLE{WuthrichExpert06,
  author = {Shevchenko and M. W\"uthrich},
  title = {The structural
modelling of operational risk via Bayesian inference: Combining loss
data with expert opinions},
  journal = {The Journal of Operational Risk},
  year = {2006},
  volume = {3},
  pages = {3--26},
  number = {},
  owner = {},
  timestamp = {}
}

@ARTICLE{Zehnwirth,
  author = {B. Zehnwirth},
  title = {\textsc{ICRFS} version 4: manual and users guide},
  journal = {Benhar Nominees PTy Ltd, Turramurra, NSW, Australia},
  year = {1985},
  volume = {},
  pages = {},
  number = {1},
  owner = {},
  timestamp = {}
}

@ARTICLE{Zehnwirth94,
  author = {B. Zehnwirth},
  title = {Probabilitstic development factor models with applications to loss reserve variability. Prediction intervals and
  risk based capital.},
  journal = {CAS Forum Spring },
  year = {1994},
  volume = {2},
  pages = {447--606},
  number = {},
  owner = {},
  timestamp = {}
}

@ARTICLE{Bornhuetter,
  author = {R.L. Bornhuetter and R.E. Ferguson},
  title = {The actuary and \textsc{IBNR}},
  journal = {Proceedings CAS},
  year = {1972},
  volume = {59},
  pages = {181--195},
  number = {},
  owner = {},
  timestamp = {}
}

@ARTICLE{TaylorChBias,
  author = {G. Taylor},
  title = {Chain--ladder bias},
  journal = {ASTIN Bulletin},
  year = {2003},
  volume = {33},
  pages = {313--330},
  number = {},
  owner = {},
  timestamp = {}
}

@ARTICLE{Verdonck,
  author = {T. Verdonck and M. Van Wouwe and J. Dhaene},
  title = {A robustification of the chain--ladder method},
  journal = {North American Actuarial Journal},
  year = {2009},
  volume = {13},
  pages = {280--298},
  number = {2},
  owner = {},
  timestamp = {}
}

@ARTICLE{Quarg,
  author = {G. Quarg and T. Mack},
  title = {Munich chain ladder: a reserving method that reduces the gap between
  \textsc{IBNR} projections based on paid losses and \textsc{IBNR} projections based on incurred losses},
  journal = {Variance},
  year = {2008},
  volume = {2},
  pages = {266--299},
  number = {},
  owner = {},
  timestamp = {}
}

@ARTICLE{Mart13,
  author = {M.D. Martinez-Miranda and J.P. Nielsen and R. Verrall and  M.V. W\"uthrich},
  title = {Double Chain Ladder,
Claims Development Inflation and Zero Claims},
  journal = {Scandinavian Actuarial Journal, \emph{in press}},
  year = {2013},
  volume = {},
  pages = {},
  number = {},
  owner = {},
  timestamp = {}
}


@ARTICLE{WuthrichPIC,
  author = {M. Merz and M. W\"uthrich},
  title = {Paid-incurred chain claims reserving method},
  journal = {Insurance: Mathematics and Economics},
  year = {2010},
  volume = {46},
  pages = {568--579},
  number = {3},
  owner = {},
  timestamp = {}
}

@ARTICLE{Verbeek,
  author = {H.G. Verbeek},
  title = {An approach to the analysis of claims experience in motor liability excess of loss reinsurance},
  journal = {ASTIN Bulletin},
  year = {1972},
  volume = {6},
  pages = {195--202},
  number = {},
  owner = {},
  timestamp = {}
}

@ARTICLE{Iverson,
  author = {B. Iverson and J. Luff and S. Siegel and R. Stryker},
  title = {The \textsc{SOA}: A Place for Research -- Answer to All Your Questions About the Research
  Done by the \textsc{SOA}},
  journal = {The Actuary Magazine},
  year = {2007},
  volume = {October/November},
  pages = {},
  number = {},
  owner = {},
  timestamp = {}
}

@ARTICLE{QuargMack2004,
  author = {G. Quarg and T. Mack},
  title = {Munich chain ladder},
  journal = {Bl\"atter DGVFM},
  year = {2004},
  volume = {Band \textsc{XXVI}},
  pages = {597--630},
  number = {},
  owner = {},
  timestamp = {}
}

@ARTICLE{PigAntDen2013,
  author = {M. Pigeon and K. Antonio and M. Denuit},
  title = {Individual loss reserving with the multivariate skew normal framework},
  journal = {ASTIN Bulletin: The Journal of the International Actuarial Association},
  year = {2013},
  volume = {43},
  pages = {399--428},
  number = {3},
  owner = {},
  timestamp = {}
}

@ARTICLE{PICWuthrichMerz,
  author = {M. W\"uthrich and M. Merz},
  title = {Paid--incurred chain claims reserving method},
  journal = {Insurance: Mathematics and Economics},
  year = {2010},
  volume = {46},
  pages = {568--579},
  number = {3},
  owner = {},
  timestamp = {}
}

@ARTICLE{Haastrup,
  author = {S. Haastrup and E. Arjas},
  title = {Claims reserving in continuous time: a nonparametric \textsc{B}ayesian approach},
  journal = {ASTIN Bulletin},
  year = {1996},
  volume = {26},
  pages = {139--164},
  number = {2},
  owner = {},
  timestamp = {}
}

@ARTICLE{Lauze,
  author = {E. Ohlsson and J. Lauzeningks},
  title = {The one-year non-life insurance risk},
  journal = {Insurance: Mathematics and Economics},
  year = {2009},
  volume = {45},
  pages = {203--208},
  number = {2},
  owner = {},
  timestamp = {}
}

@ARTICLE{Norberg99,
  author = {R. Norberg},
  title = {Prediction of outstanding liabilities \textsc{II}. \textsc{M}odel variations and extensions.},
  journal = {ASTIN Bulletin},
  year = {1999},
  volume = {29},
  pages = {5--25},
  number = {1},
  owner = {},
  timestamp = {}
}

@ARTICLE{AntonioPlat,
  author = {K. Antonio and R. Plat},
  title = {Micro--level stochastic loss reserving for general insurance},
  journal = {Scandinavian Actuarial Journal, in press},
  year = {2013},
  volume = {},
  pages = {},
  number = {},
  owner = {},
  timestamp = {}
}

@ARTICLE{Drieskens,
  author = {D. Drieskens and M. Henry and J.-F. Walhin and J. Wielandts},
  title = {Stochastic projection for large individual losses},
  journal = {Scandinavian Actuarial Journal},
  year = {2012},
  volume = {2012},
  pages = {1--39},
  number = {1},
  owner = {},
  timestamp = {}
}

@BOOK{Akdemir,
  title = {A Class of Multivariate Skew Distributions: Properties and Inferential Issues},
  publisher = {PhD thesis, Bowling Green State University, Ohio},
  year = {2009},
  author = {D. Akdemir},
  owner = {},
  timestamp = {}
}

@BOOK{Aste38,
  title = {Les {R}\'eserves {T}echniques des {S}oci\'et\'es d'{A}ssurances contre les {A}ccidents d'{A}utomobiles},
  publisher = {Collection d'\'etudes sur le droit des assurances},
  year = {1938},
  author = {E. Asteban},
  owner = {},
  timestamp = {}
}

@BOOK{Gilks,
  title = {{M}arkov {C}hain {M}onte {C}arlo in {P}ractive},
  publisher = {Chapman \& Hall},
  year = {1996},
  author = {W.R. Gilks and S. Richardson and D.J. Spiegelhalter},
  owner = {},
  timestamp = {}
}

@ARTICLE{Jin,
  author = {X. Jin and E.W. Frees},
  title = {Comparing micro-- and macro--level loss reserving models},
  journal = {To be completed},
  year = {2013},
  volume = {},
  pages = {},
  number = {1},
  owner = {},
  timestamp = {}
}

@ARTICLE{WangBoyerGenton,
  author = {J. Wang and J. Boyer and M. Genton},
  title = {A skew-symmetric representation of multivariate distributions},
  journal = {Statistica Sinica},
  year = {2004},
  volume = {14},
  pages = {1259-1270},
  number = {},
  owner = {},
  timestamp = {}
}

@ARTICLE{AzzaCap,
  author = {A. Azzalini and A. Capitanio},
  title = {Distributions generated by perturbation of symmetry with emphasis on a multivariate skew $t$ distribution},
  journal = {Journal of the Royal Statistical Society, Series B (Statistical Methodology)},
  year = {2003},
  volume = {65},
  pages = {367-389},
  number = {},
  owner = {},
  timestamp = {}
}


@ARTICLE{MaGenton,
  author = {Y. Ma and M. Genton},
  title = {Flexible class of skew--symmetric distributions},
  journal = {Scandinavian Journal of Statistics},
  year = {2004},
  volume = {31},
  pages = {459--468},
  number = {},
  owner = {},
  timestamp = {}
}

@BOOK{Coss09,
  title = {Mod\'elisation des distributions de sinistres : Exercices et solutions},
  publisher = {Document libre publi\'e sous contrat Creative Commons, ISBN 978-2-9811416-1-3},
  year = {2009},
  author = {H. Cossette and V. Goulet and M. Jacques and M. Pigeon},
  owner = {},
  timestamp = {}
}

@BOOK{Goul12,
  title = {Introduction \`a la programmation en R, Troisi\`eme \'edition},
  publisher = {Document libre publi\'e sous contrat Creative Commons, ISBN 978-2-9811416-2-0},
  year = {2012},
  author = {V. Goulet},
  owner = {},
  timestamp = {}
}

@BOOK{Goul13,
  title = {Mod\'elisation des distributions de sinistres avec R},
  publisher = {Document libre publi\'e sous contrat Creative Commons},
  year = {2013},
  author = {V. Goulet},
  owner = {},
  timestamp = {}
}